%% This BibTeX bibliography file was created using BibDesk.
%% http://bibdesk.sourceforge.net/

%% Created for Federico Feldsberg at 2017-06-08 21:50:45 -0300 


%% Saved with string encoding Unicode (UTF-8) 



@webpage{beyer,
	Author = {Beyerdynamic},
	Date-Added = {2017-06-09 00:49:42 +0000},
	Date-Modified = {2017-06-09 00:50:09 +0000},
	Url = {http://america.beyerdynamic.com/shop/media/datenblaetter}}

@webpage{rode,
	Author = {Rode},
	Date-Added = {2017-06-09 00:47:39 +0000},
	Date-Modified = {2017-06-09 00:50:45 +0000},
	Title = {NT2000 Instruction Guide},
	Url = {http://www.rodemikrofon.hu/downloads/kezikonyv/n}}

@webpage{shure57,
	Author = {Shure},
	Date-Added = {2017-06-09 00:45:16 +0000},
	Date-Modified = {2017-06-09 00:50:37 +0000},
	Title = {Product Specifications, SM57 Cardiod Dynamic Microphone},
	Url = {http://cdn.shure.com/specification_sheet/upload/81/sm57-specification-sheet-english.pdf}}

@book{Ruffa,
	Author = {Ruffa, Francisco},
	Date-Added = {2017-06-08 21:47:13 +0000},
	Date-Modified = {2017-06-08 21:52:43 +0000},
	Publisher = {Universidad Nacional de Tres de Febrero},
	Rating = {5},
	Read = {0},
	Title = {Electroac{\'u}stica I},
	Year = {2017}}

@book{davis2006sound,
	Author = {Davis, D. and Patronis, E.},
	Lccn = {2006015870},
	Publisher = {Elsevier Focal Press},
	Title = {Sound System Engineering},
	Year = {2006}}
